@article{Cristian:1996:SA:227210.227231,
 author = {Cristian, Flaviu},
 title = {Synchronous and Asynchronous},
 journal = {Commun. ACM},
 issue_date = {April 1996},
 volume = {39},
 number = {4},
 month = apr,
 year = {1996},
 issn = {0001-0782},
 pages = {88--97},
 numpages = {10},
 url = {http://doi.acm.org/10.1145/227210.227231},
 doi = {10.1145/227210.227231},
 acmid = {227231},
 publisher = {ACM},
 address = {New York, NY, USA},
} 

@inproceedings{Aguilera:2009:NTA:1855568.1855571,
 author = {Aguilera, Marcos K. and Walfish, Michael},
 title = {No Time for Asynchrony},
 booktitle = {Proceedings of the 12th Conference on Hot Topics in Operating Systems},
 series = {HotOS'09},
 year = {2009},
 location = {Monte Verit\&\#224;, Switzerland},
 pages = {3--3},
 numpages = {1},
 url = {http://dl.acm.org/citation.cfm?id=1855568.1855571},
 acmid = {1855571},
 publisher = {USENIX Association},
 address = {Berkeley, CA, USA},
} 

@article{Ezhilchelvan:2010:LPR:1773912.1773927,
 author = {Ezhilchelvan, Paul and Shrivastava, Santosh},
 title = {Learning from the Past for Resolving Dilemmas of Asynchrony},
 journal = {SIGOPS Oper. Syst. Rev.},
 issue_date = {April 2010},
 volume = {44},
 number = {2},
 month = apr,
 year = {2010},
 issn = {0163-5980},
 pages = {58--63},
 numpages = {6},
 url = {http://doi.acm.org/10.1145/1773912.1773927},
 doi = {10.1145/1773912.1773927},
 acmid = {1773927},
 publisher = {ACM},
 address = {New York, NY, USA},
}

@article{Defago:2004:TOB:1041680.1041682,
 author = {D{\'e}fago, Xavier and Schiper, Andr{\'e} and Urb\'{a}n, P{\'e}ter},
 title = {Total Order Broadcast and Multicast Algorithms: Taxonomy and Survey},
 journal = {ACM Comput. Surv.},
 issue_date = {December 2004},
 volume = {36},
 number = {4},
 month = dec,
 year = {2004},
 issn = {0360-0300},
 pages = {372--421},
 numpages = {50},
 url = {http://doi.acm.org/10.1145/1041680.1041682},
 doi = {10.1145/1041680.1041682},
 acmid = {1041682},
 publisher = {ACM},
 address = {New York, NY, USA},
 keywords = {Distributed systems, agreement problems, atomic broadcast, atomic multicast, classification, distributed algorithms, fault-tolerance, global ordering, group communication, message passing, survey, taxonomy, total ordering},
} 

@inproceedings{Burrows:2006:CLS:1298455.1298487,
 author = {Burrows, Mike},
 title = {The Chubby Lock Service for Loosely-coupled Distributed Systems},
 booktitle = {Proceedings of the 7th Symposium on Operating Systems Design and Implementation},
 series = {OSDI '06},
 year = {2006},
 isbn = {1-931971-47-1},
 location = {Seattle, Washington},
 pages = {335--350},
 numpages = {16},
 url = {http://dl.acm.org/citation.cfm?id=1298455.1298487},
 acmid = {1298487},
 publisher = {USENIX Association},
 address = {Berkeley, CA, USA},
}  

@article{Lamport:1998:PP:279227.279229,
 author = {Lamport, Leslie},
 title = {The Part-time Parliament},
 journal = {ACM Trans. Comput. Syst.},
 issue_date = {May 1998},
 volume = {16},
 number = {2},
 month = may,
 year = {1998},
 issn = {0734-2071},
 pages = {133--169},
 numpages = {37},
 url = {http://doi.acm.org/10.1145/279227.279229},
 doi = {10.1145/279227.279229},
 acmid = {279229},
 publisher = {ACM},
 address = {New York, NY, USA},
 keywords = {state machines, three-phase commit, voting},
} 

@article{Lamport:2001:PaxosMadeSimple,
    author = {Lamport, Leslie},
    citeulike-article-id = {541278},
    journal = {ACM SIGACT News},
    month = dec,
    number = {4},
    pages = {18--25},
    priority = {2},
    title = {{P}axos Made Simple},
    volume = {32},
    year = {2001}
}

@inproceedings{Hunt:2010:ZWC:1855840.1855851,
 author = {Hunt, Patrick and Konar, Mahadev and Junqueira, Flavio P. and Reed, Benjamin},
 title = {ZooKeeper: Wait-free Coordination for Internet-scale Systems},
 booktitle = {Proceedings of the 2010 USENIX Conference on USENIX Annual Technical Conference},
 series = {USENIXATC'10},
 year = {2010},
 location = {Boston, MA},
 pages = {11--11},
 numpages = {1},
 url = {http://dl.acm.org/citation.cfm?id=1855840.1855851},
 acmid = {1855851},
 publisher = {USENIX Association},
 address = {Berkeley, CA, USA},
} 

@inproceedings{Junqueira:2011:ZHB:2056308.2056409,
 author = {Junqueira, Flavio P. and Reed, Benjamin C. and Serafini, Marco},
 title = {Zab: High-performance Broadcast for Primary-backup Systems},
 booktitle = {Proceedings of the 2011 IEEE/IFIP 41st International Conference on Dependable Systems\&Networks},
 series = {DSN '11},
 year = {2011},
 isbn = {978-1-4244-9232-9},
 pages = {245--256},
 numpages = {12},
 url = {http://dx.doi.org/10.1109/DSN.2011.5958223},
 doi = {10.1109/DSN.2011.5958223},
 acmid = {2056409},
 publisher = {IEEE Computer Society},
 address = {Washington, DC, USA},
} 

@article{Birman:1991:LCA:128738.128742,
 author = {Birman, Kenneth and Schiper, Andr{\'e} and Stephenson, Pat},
 title = {Lightweight Causal and Atomic Group Multicast},
 journal = {ACM Trans. Comput. Syst.},
 issue_date = {Aug. 1991},
 volume = {9},
 number = {3},
 month = aug,
 year = {1991},
 issn = {0734-2071},
 pages = {272--314},
 numpages = {43},
 url = {http://doi.acm.org/10.1145/128738.128742},
 doi = {10.1145/128738.128742},
 acmid = {128742},
 publisher = {ACM},
 address = {New York, NY, USA},
 keywords = {fault-tolerant process groups, message ordering, multicast communication},
} 

@inproceedings{Ezhilchelvan:1995:NFG:876885.880005,
 author = {Ezhilchelvan, P. D. and Macedo, R. A. and Shrivastava, S. K.},
 title = {Newtop: A Fault-tolerant Group Communication Protocol},
 booktitle = {Proceedings of the 15th International Conference on Distributed Computing Systems},
 series = {ICDCS '95},
 year = {1995},
 pages = {296--},
 url = {http://dl.acm.org/citation.cfm?id=876885.880005},
 acmid = {880005},
 publisher = {IEEE Computer Society},
 address = {Washington, DC, USA},
 keywords = {Internet, Newtop, asynchronous communication environment, fault tolerant computing, fault-tolerant group communication protocol, message transmission times, protocols, total order delivery},
}

@article{Lamport:1978:TCO:359545.359563,
 author = {Lamport, Leslie},
 title = {Time, Clocks, and the Ordering of Events in a Distributed System},
 journal = {Commun. ACM},
 issue_date = {July 1978},
 volume = {21},
 number = {7},
 month = jul,
 year = {1978},
 issn = {0001-0782},
 pages = {558--565},
 numpages = {8},
 url = {http://doi.acm.org/10.1145/359545.359563},
 doi = {10.1145/359545.359563},
 acmid = {359563},
 publisher = {ACM},
 address = {New York, NY, USA},
 keywords = {clock synchronization, computer networks, distributed systems, multiprocess systems},
} 

@inproceedings{Cooper:2010:BCS:1807128.1807152,
 author = {Cooper, Brian F. and Silberstein, Adam and Tam, Erwin and Ramakrishnan, Raghu and Sears, Russell},
 title = {Benchmarking Cloud Serving Systems with YCSB},
 booktitle = {Proceedings of the 1st ACM Symposium on Cloud Computing},
 series = {SoCC '10},
 year = {2010},
 isbn = {978-1-4503-0036-0},
 location = {Indianapolis, Indiana, USA},
 pages = {143--154},
 numpages = {12},
 url = {http://doi.acm.org/10.1145/1807128.1807152},
 doi = {10.1145/1807128.1807152},
 acmid = {1807152},
 publisher = {ACM},
 address = {New York, NY, USA},
 keywords = {benchmarking, cloud serving database},
} 

@article{Cattell:2011:SSN:1978915.1978919,
 author = {Cattell, Rick},
 title = {Scalable SQL and NoSQL Data Stores},
 journal = {SIGMOD Rec.},
 issue_date = {December 2010},
 volume = {39},
 number = {4},
 month = may,
 year = {2011},
 issn = {0163-5808},
 pages = {12--27},
 numpages = {16},
 url = {http://doi.acm.org/10.1145/1978915.1978919},
 doi = {10.1145/1978915.1978919},
 acmid = {1978919},
 publisher = {ACM},
 address = {New York, NY, USA},
}

@misc{Infinispan,
   key = "Infinispan",
   title = "Infinispan: Distributed in-memory key/value data grid and cache",
   howpublished = "\url{http://infinispan.org/}",
   note = "[Accessed: 29-August-2014]",
   year = "2014",
}

@misc{Hazelcast,
    key = "Hazelcast",
    title = "Hazelcast.org",
    howpublished = "\url{http://hazelcast.org/}",
    note = "[Accessed: 29-August-2014]",
    year = "2014",
}

@misc{GridGain,
    key = "GridGain",
    title = "GridGain: In-Memory Computing",
    howpublished = "\url{http://www.gridgain.com/}",
    note = "[Accessed: 29-August-2014]",
    year = "2014",
}

@misc{OracleCoherence,
	key = "Oracle Coherence",
	title = "Oracle Coherence",
	howpublished = "\url{http://www.oracle.com/technetwork/middleware/coherence/overview/index.html}",
	note = "[Accessed: 10-September-2014]",
	year = "2014",
}

@misc{PivotalGemFire,
	key = "Pivotal GemFire",
	title = "Big Data | Pivotal GemFire",
	howpublished = "\url{http://www.pivotal.io/big-data/pivotal-gemfire}",
	note = "[Accessed: 10-September-2014]",
	year = "2014",
}

@misc{RedHat,
    key = "Red Hat",
    organisation = "Red Hat, Ltd.",
    title = "The world's open source leader",
    howpublished = "\url{http://www.redhat.com/}",
    note = "[Accessed: 01-September-2014]",
    year = "2014"
}

@misc{JGroups,
    key = "JGroups",
    title = "The JGroups Project",
    howpublished = "\url{http://www.jgroups.org/}",
    note = "[Accessed: 01-September-2014]",
    year = "2014"
}

@misc{JSR-107,
    key = "JSR-107",
    title= "The Java Community Process(SM) Program - JSRs: Java Specification Requests - detail JSR-107",
    howpublished = "\url{https://jcp.org/en/jsr/detail?id=107}",
    note = "[Accessed: 01-September-2014]",
    year = "2014"
}

@inproceedings{Karger:1997:CHR:258533.258660,
 author = {Karger, David and Lehman, Eric and Leighton, Tom and Panigrahy, Rina and Levine, Matthew and Lewin, Daniel},
 title = {Consistent Hashing and Random Trees: Distributed Caching Protocols for Relieving Hot Spots on the World Wide Web},
 booktitle = {Proceedings of the Twenty-ninth Annual ACM Symposium on Theory of Computing},
 series = {STOC '97},
 year = {1997},
 isbn = {0-89791-888-6},
 location = {El Paso, Texas, USA},
 pages = {654--663},
 numpages = {10},
 url = {http://doi.acm.org/10.1145/258533.258660},
 doi = {10.1145/258533.258660},
 acmid = {258660},
 publisher = {ACM},
 address = {New York, NY, USA},
}

@inproceedings{Ruivo:2011:ETO:2120967.2121604,
 author = {Ruivo, Pedro and Couceiro, Maria and Romano, Paolo and Rodrigues, Luis},
 title = {Exploiting Total Order Multicast in Weakly Consistent Transactional Caches},
 booktitle = {Proceedings of the 2011 IEEE 17th Pacific Rim International Symposium on Dependable Computing},
 series = {PRDC '11},
 year = {2011},
 isbn = {978-0-7695-4590-5},
 pages = {99--108},
 numpages = {10},
 url = {http://dx.doi.org/10.1109/PRDC.2011.21},
 doi = {10.1109/PRDC.2011.21},
 acmid = {2121604},
 publisher = {IEEE Computer Society},
 address = {Washington, DC, USA},
 keywords = {Partial Replication, Distributed Memory, Transactional Memory, Atomic Multicast},
}

@misc{JTA,
    key = "JTA",
    title= "Java Transaction API",
    howpublished = "\url{http://www.oracle.com/technetwork/java/javaee/jta/index.html}",
    note = "[Accessed: 02-September-2014]",
    year = "2014"
}

@misc{XA,
    key = "XA",
    title= "Distributed Transaction Processing: The XA Specification",
    howpublished = "\url{http://pubs.opengroup.org/onlinepubs/009680699/toc.pdf}",
    note = "[Accessed: 02-September-2014]",
    year = "2014"
}

@misc{ReliableUDP,
    key = "Reliable UDP",
    title = "Internet Engineering Task Force - Reliable UDP",
    howpublished = " \url{http://tools.ietf.org/html/draft-ietf-sigtran-reliable-udp-00}",
    note = "[Accessed: 15-September-2014]",
    year = "1999"
}

@article{Haerder:1983:PTD:289.291,
 author = {Haerder, Theo and Reuter, Andreas},
 title = {Principles of Transaction-oriented Database Recovery},
 journal = {ACM Comput. Surv.},
 issue_date = {December 1983},
 volume = {15},
 number = {4},
 month = dec,
 year = {1983},
 issn = {0360-0300},
 pages = {287--317},
 numpages = {31},
 url = {http://doi.acm.org/10.1145/289.291},
 doi = {10.1145/289.291},
 acmid = {291},
 publisher = {ACM},
 address = {New York, NY, USA},
} 

@article{Kung:1981:OMC:319566.319567,
 author = {Kung, H. T. and Robinson, John T.},
 title = {On Optimistic Methods for Concurrency Control},
 journal = {ACM Trans. Database Syst.},
 issue_date = {June 1981},
 volume = {6},
 number = {2},
 month = jun,
 year = {1981},
 issn = {0362-5915},
 pages = {213--226},
 numpages = {14},
 url = {http://doi.acm.org/10.1145/319566.319567},
 doi = {10.1145/319566.319567},
 acmid = {319567},
 publisher = {ACM},
 address = {New York, NY, USA},
 keywords = {concurrency controls, databases, transaction processing},
} 

@article{Fischer:1985:IDC:3149.214121,
 author = {Fischer, Michael J. and Lynch, Nancy A. and Paterson, Michael S.},
 title = {Impossibility of Distributed Consensus with One Faulty Process},
 journal = {J. ACM},
 issue_date = {April 1985},
 volume = {32},
 number = {2},
 month = apr,
 year = {1985},
 issn = {0004-5411},
 pages = {374--382},
 numpages = {9},
 url = {http://doi.acm.org/10.1145/3149.214121},
 doi = {10.1145/3149.214121},
 acmid = {214121},
 publisher = {ACM},
 address = {New York, NY, USA},
} 

@article{Bernstein:1981:CCD:356842.356846,
 author = {Bernstein, Philip A. and Goodman, Nathan},
 title = {Concurrency Control in Distributed Database Systems},
 journal = {ACM Comput. Surv.},
 issue_date = {June 1981},
 volume = {13},
 number = {2},
 month = jun,
 year = {1981},
 issn = {0360-0300},
 pages = {185--221},
 numpages = {37},
 url = {http://doi.acm.org/10.1145/356842.356846},
 doi = {10.1145/356842.356846},
 acmid = {356846},
 publisher = {ACM},
 address = {New York, NY, USA},
}

@book{Bernstein:1996:PTP:261193,
 author = {Bernstein, Philip and Newcomer, Eric},
 title = {Principles of Transaction Processing: For the Systems Professional},
 year = {1997},
 isbn = {1-55860-415-4},
 publisher = {Morgan Kaufmann Publishers Inc.},
 address = {San Francisco, CA, USA},
}

@article{Cerf:2005:PPN:1064413.1064423,
 author = {Cerf, Vinton G. and Icahn, Robert E.},
 title = {A Protocol for Packet Network Intercommunication},
 journal = {SIGCOMM Comput. Commun. Rev.},
 issue_date = {April 2005},
 volume = {35},
 number = {2},
 month = apr,
 year = {2005},
 issn = {0146-4833},
 pages = {71--82},
 numpages = {12},
 url = {http://doi.acm.org/10.1145/1064413.1064423},
 doi = {10.1145/1064413.1064423},
 acmid = {1064423},
 publisher = {ACM},
 address = {New York, NY, USA},
} 

@misc{TPC-C,
    key = "TPC-C",
    title = "TPC-C | Transaction Processing Performance Council",
    howpublished = " \url{http://www.tpc.org/tpcc/}",
    note = "[Accessed: 25-September-2014]",
    year = "2014",
}

@misc{RadarGun,
    key = "RadarGun",
    title = "RadarGun",
    howpublished = " \url{https://github.com/radargun/radargun/wiki}",
    note = "[Accessed: 25-September-2014]",
    year = "2014",
}

@article{Kermarrec:2003:PRD:766617.766623,
 author = {Kermarrec, Anne-Marie and Massouli{\'e}, Laurent and Ganesh, Ayalvadi J.},
 title = {Probabilistic Reliable Dissemination in Large-Scale Systems},
 journal = {IEEE Trans. Parallel Distrib. Syst.},
 issue_date = {March 2003},
 volume = {14},
 number = {3},
 month = mar,
 year = {2003},
 issn = {1045-9219},
 pages = {248--258},
 numpages = {11},
 url = {http://dx.doi.org/10.1109/TPDS.2003.1189583},
 doi = {10.1109/TPDS.2003.1189583},
 acmid = {766623},
 publisher = {IEEE Press},
 address = {Piscataway, NJ, USA},
 keywords = {Scalability, reliability, gossip-based probabilistic multicast, membership, group communication, random graphs.},
} 

@INPROCEEDINGS{Felber01probabilisticatomic,
    author = {Pascal Felber and Fernando Pedone},
    title = {Probabilistic Atomic Broadcast},
    booktitle = {in Proceedings of the 12th International Symposium on Distributed Computing},
    year = {2001},
    pages = {318--332},
    publisher = {Springer}
}

@INPROCEEDINGS{SRDSAnton,
author={Di Ferdinando, A. and Ezhilchelvan, P. and Mitrani, I.},
title={Design and evaluation of a QoS-adaptive system for reliable multicasting},
booktitle={Proc. IEEE Symposium on Reliable Distributed Systems (SRDS)},
year={2004},
pages={31--40},
}

@TechReport{Emerson,
author = {Emerson, Ryan and Ezhilchelvan, Paul},
title = {A Non-Blocking Atomic-Multicast Service for Scalable In-memory Transaction Systems},
institution = {School of Computing Science, Newcastle University},
year = {2014},
number = {CS-TR-1435},
}

@TechReport{ezhilchelvan2011near,
  title={Near Certain Multicast Delivery Guarantees Amidst Perturbations in Computer Clusters},
  author={Ezhilchelvan, P. and Clarke, D. and Di Ferdinando, A},
  institution = {School of Computing Science, Newcastle University},
  year={2011},
  number={CS-TR-1267},
}
